@article{yakovenko2009colloquium,
  title={Colloquium: Statistical mechanics of money, wealth, and income},
  author={Yakovenko, Victor M and Barkley Rosser Jr, J},
  journal={Reviews of Modern Physics},
  volume={81},
  number={4},
  pages={1703},
  year={2009},
  publisher={APS}
}

@MISC {frankredig2014,
    author = "Frank Redig",
    title  = "Basic techniques in interacting particle systems",
    month  = 9,
    year   = "2014"
}

@article{cirillo2014duality,
  title={Duality and stationary distributions of wealth distribution models},
  author={Cirillo, Pasquale and Redig, Frank and Ruszel, Wioletta},
  journal={Journal of Physics A: Mathematical and Theoretical},
  volume={47},
  number={8},
  pages={085203},
  year={2014},
  publisher={IOP Publishing}
}
@article{1309.3916,
Author = {Pasquale Cirillo and Frank Redig and Wioletta Ruszel},
Title = {Duality and stationary distributions of wealth distribution models},
Year = {2013},
Eprint = {arXiv:1309.3916},
Doi = {10.1088/1751-8113/47/8/085203},
}


@book{liggett2012interacting,
  title={Interacting particle systems},
  author={Liggett, Thomas Milton},
  volume={276},
  year={2012},
  publisher={Springer Science \& Business Media}
}
@book{liggett2013stochastic,
  title={Stochastic interacting systems: contact, voter and exclusion processes},
  author={Liggett, Thomas M},
  volume={324},
  year={2013},
  publisher={springer science \& Business Media}
}

@article{voss2011equivalence,
  title={On the Equivalence Between Liggett Duality of Markov Processes and the Duality Relation Between Their Generators},
  author={Vo{\ss}-B{\"o}hme, A and Schenk, W and Koellner, AK},
  journal={MARKOV PROCESSES AND RELATED FIELDS},
  volume={17},
  number={3},
  pages={315--346},
  year={2011},
  publisher={POLYMAT LTD PO BOX 207, MOSCOW, 125190, RUSSIA}
}

@ONLINE {jonathangoodman2013,
    author = "Jonathan Goodman",
    title  = "Generators, duality, change of measure",
    month  = "nov",
    year   = "2013",
    url    = "https://www.math.nyu.edu/faculty/goodman/teaching/StochCalc2013/notes/Week9.pdf"
}